% How to cite webpage: https://tex.stackexchange.com/questions/3587/how-can-i-use-bibtex-to-cite-a-web-page

@misc{routingInefficiency,
  title = {Taxi Dispatch Algorithms: Why Route Optimization Reigns},
  author = {{Marc Kuo - Routific}},
  howpublished = {\url{https://blog.routific.com/blog/taxi-dispatch-algorithms-why-route-optimization-reigns}},
}

@misc{taxiVsUber,
  title = {New York City taxis fight for survival against Uber and Lyft},
  author = {{Liam Mays, Shawn Baldwin, Jeniece Pettitt}},
  howpublished = {\url{https://www.cnbc.com/2023/07/15/new-york-city-taxis-fight-for-survival-against-uber-and-lyft.html}},
}

@misc{taxizones,
  title = {New York City Taxi Zones},
  author = {{NYC Open Data}},
  howpublished = {\url{https://data.cityofnewyork.us/Transportation/NYC-Taxi-Zones/d3c5-ddgc}},
}
@misc{taxidata,
  title = {TLC Trip Record Data},
  author = {{New York City Taxi & Limousine Commission}},
  howpublished = {\url{https://www.nyc.gov/site/tlc/about/tlc-trip-record-data.page}},
  note = {Accessed: 2023-08-01}
}

@misc{taxidatadict,
  title = {Data Dictionary - Yellow Taxi Trip Records},
  author = {{New York City Taxi & Limousine Commission}},
  howpublished = {\url{https://www.nyc.gov/assets/tlc/downloads/pdf/data_dictionary_trip_records_yellow.pdf}},
}

@misc{passengerlaw,
  title = {TLC Rule Book - Chapter 54},
  author = {{New York City Taxi & Limousine Commission}},
  howpublished = {\url{https://www.nyc.gov/assets/tlc/downloads/pdf/rule_book_current_chapter_54.pdf}},
}

@misc{oldfare,
  title = {NYC taxi fares set to rise 23\% by end of 2022},
  author = {{Zenebou Sylla - CNN}},
  howpublished = {\url{https://www.mercurynews.com/2022/11/16/nyc-taxi-fares-set-to-rise-23-by-end-of-2022/}},
}

@misc{taxifarepage,
  title = {TLC Taxi Fare},
  author = {{New York City Taxi & Limousine Commission}},
  howpublished = {\url{https://www.nyc.gov/site/tlc/passengers/taxi-fare.page}},
}

@misc{walkingdistance,
  title = {The 5-minute walk},
  author = {{Morphocode}},
  howpublished = {\url{https://morphocode.com/the-5-minute-walk/}},
}

@misc{externalsubway,
  title = {MTA NYCT Subway Entrances and Exits: 2015},
  author = {{New York City Metropolitan Transportation Authority}},
  howpublished = {\url{https://data.ny.gov/Transportation/NYC-Transit-Subway-Entrance-And-Exit-Data/i9wp-a4ja}},
  note = {Accessed: 2023-08-01}
}

@misc{externalairbnb,
  title = {Insideairbnb - Get the Data},
  author = {{Insideairbnb}},
  howpublished = {\url{http://insideairbnb.com/get-the-data/}},
  note = {Accessed: 2023-08-01}
}

@misc{externalhotels,
  title = {Hotels Properties Citywide},
  author = {{New York City Department of Finance}},
  howpublished = {\url{https://data.cityofnewyork.us/City-Government/Hotels-Properties-Citywide/tjus-cn27}},
  note = {Accessed: 2023-08-01}
}

@misc{externalcensus,
  title = {New York City Census Data},
  author = {{MuonNeutrino}},
  howpublished = {\url{https://www.kaggle.com/datasets/muonneutrino/new-york-city-census-data?select=census_block_loc.csv}},
  note = {Accessed: 2023-08-01}
}

@misc{externalparking,
  title = {Parking Meters Locations and Status},
  author = {{New York City Department of Transportation}},
  howpublished = {\url{https://data.cityofnewyork.us/Transportation/Parking-Meters-Locations-and-Status/693u-uax6}},
  note = {Accessed: 2023-08-01}
}

@misc{holidays,
  title = {List of Holidays in New York in 2022},
  author = {{OfficeHolidays}},
  howpublished = {\url{https://www.officeholidays.com/countries/usa/new-york/2022}},
}

@misc{LsmLtfrm,
  title = {Linear Statistical Models: The Less Than Full Rank Model - Semester 1 2023, MAST30025 Lecture Notes},
  author = {{Yao-Ban Chan}},
}

@misc{XGB,
  title = {Extreme Gradient Boosting (XGBoost) Ensemble in Python},
  author = {{Jason Brownlee}}, 
  howpublished = {\url{https://machinelearningmastery.com/extreme-gradient-boosting-ensemble-in-python/}}
}

@misc{hyperopt,
  title = {(2013) Making a Science of Model Search: Hyperparameter Optimization in Hundreds of Dimensions for Vision Architectures. TProc. of the 30th International Conference on Machine Learning (ICML 2013), June 2013, pp. I-115 to I-23.},
  author = {{Bergstra, J., Yamins, D., Cox, D. D.}},
}


% You should lookup the entries defined in bibtex to properly format your .bib file